%# -*- coding: utf-8-unix -*-

@book{solrexample,
  title = {Solr in action},
  publisher = {MANNING},
  year = {2014},
  author = {Grainger and Trey and Timothy Potter and Yonik Seeley}
}

@TechReport{apachesolr,
  title = {Apache solr},
  author = {Solr},
  year = 2012,
  institution = {Apache Software Foundation},
  url = {http://digilib.unikom.ac.id/man/php/book.solr.html}
}

@book{luceneexample,
  title = {Lucene in action},
  publisher = {MANNING},
  year = {2004},
  author = {Hatcher and Erik and Otis Gospodnetic}
}

@TechReport{solrnote,
  title = {Solr学习笔记},
  author = {goosebaobao},
  year = 2016,
  institution = {Gitbook},
  url = {https://www.gitbook.com/book/goosebaobao/solr-note}
}

@book{invertedindex,
  title = {Modern information retrieval},
  publisher = {Addison-Wesley Longman},
  year = {1999},
  author = {Ribeiro and Berthier de Araújo Neto and Baeza-Yates}
}

@article{zookeeper,
  author = {Hunt and Patrick},
  title = {ZooKeeper: Wait-free Coordination for Internet-scale Systems},
  journal = {USENIX annual technical conference},
  year = {2010},
  volume = {8},
  pages = {9},
}

@TechReport{solrdocument,
  title = {Apache Solr 6.5.0 Ducumentation},
  author = {Apache},
  year = 2017,
  institution = {Confluence},
  url = {https://cwiki.apache.org/confluence/display/solr}
}

@article{mtukd,
  author = {Feldman, Ronen and Ido Dagan and Haym Hirsh},
  title = {Mining text using keyword distributions},
  journal = {Journal of Intelligent Information Systems},
  year = {2008},
  volume = {10.3},
  pages = {281-300},
}

@article{mksbk,
  author = {Su, Hsin-Ning and Pei-Chun Lee},
  title = {Mapping knowledge structure by keyword co-occurrence: a first look at journal papers in Technology Foresight},
  journal = {Scientometrics},
  year = {2010},
  volume = {85.1},
  pages = {65-79},
}

@article{mofaa,
  author = {Li, Yuefeng and Ning Zhong},
  title = {Mining Ontology for Automatically Acquiring Web User Information Needs},
  journal = {IEEE Transactions on Knowledge and Data Engineering},
  year = {2006},
  volume = {18.4},
  pages = {554-568},
}

@article{cbkdi,
  author = {Loh, Stanley and Leandro Krug Wives and José Palazzo M. de Oliveira},
  title = {Concept-based knowledge discovery in texts extracted from the web},
  journal = {ACM SIGKDD Explorations Newsletter},
  year = {2000},
  volume = {2.1},
  pages = {29-39},
}

@article{leslie,
  author = {Lamport, Leslie},
  title = {Time, clocks, and the ordering of events in a distributed system},
  journal = {Communications of the ACM},
  year = {1978},
  volume = {21.7},
  pages = {558-565},
}

@article{topic,
  author = {Wartena, Christian and Rogier Brussee},
  title = {Topic detection by clustering keywords},
  journal = {Database and Expert Systems Application},
  year = {2008},
  pages = {54-58},
}

@article{keyword,
  author = {Zhao, Qinpei},
  title = {Keyword Clustering for Automatic Categorization},
  journal = {Pattern Recognition (ICPR)},
  year = {2012},
  pages = {2845-2848},
}

@article{ddm,
  author = {Moradi, Rizan, Khalil Taheri and Maryam S. Mirian},
  title = {Data-Driven Methods to Create Knowledge Maps for Decision Making in Academic Contexts},
  journal = {Journal of Information & Knowledge Management},
  year = {2017},
  volume = {16.01},
  pages = {1750008},
}

@article{kmeans,
  author = {Hartigan, John A and Manchek A. Wong},
  title = {Journal of the Royal Statistical Society. Series C (Applied Statistics)},
  journal = {Pattern Recognition (ICPR)},
  year = {1979},
  volume = {28.1},
  pages = {100-108},
}

@book{lucene,
  title = {Lucene in Action: Covers Apache Lucene 3.0},
  author = {McCandless, Michael, Erik Hatcher and Otis Gospodnetic},
  year = {2010},
  publisher = {Manning Publications Co.},
}

@article{stemming,
  author = {Lovins, Julie B},
  title = {Development of a stemming algorithm},
  journal = {Mechanical Translation and Computational Linguistics},
  year = {1968},
  volume = {11},
  pages = {22-31},
}


@TechReport{achart,
  title = {Achart.js},
  url = {https://github.com/acharts/acharts},
}